
@misc{clockCPP,
  title = {Referência da linguagem C++ -  Função clock},
  howpublished = {\url{http://www.cplusplus.com/reference/ctime/clock/}},
  note = {Acessado em: 20-11-2018}
}

@misc{descricaoCPP,
  title = {C++ A Brief Description},
  howpublished = {\url{http://www.cplusplus.com/info/description/}},
  note = {Acessado em: 20-11-2018}
}

@misc{descricaoPython,
  title = {General Python FAQ},
  howpublished = {\url{https://docs.python.org/3/faq/general.html#what-is-python}},
  note = {Acessado em: 20-11-2018}
}

@misc{timeJava,
  title = {Referência da linguagem Java - Funçao currentTimeMillis},
  howpublished = {\url{https://docs.oracle.com/javase/7/docs/api/java/lang/System.html#currentTimeMillis()}},
  note = {Acessado em: 20-11-2018}
}

@misc{macroCPP,
  title = {Referência da linguagem C++ - Macro CLOCKS\_PER\_SEC},
  howpublished = {\url{http://www.cplusplus.com/reference/ctime/CLOCKS_PER_SEC/}},
  note = {Acessado em: 20-11-2018}
}

@misc{timePython,
  title = {Referência da linguagem Python - Funão time},
  howpublished = {\url{https://docs.python.org/3/library/time.html#time.time}},
  note = {Acessado em: 20-11-2018}
}

@book{calculoNumerico,
  author    = {Márcia A. Gomes Ruggiero and Vera Lúcia da Rocha Lopes}, 
  title     = {Cálculo numérico. Aspectos teóricos e computacionais},
  publisher = {Pearson Makron Books},
  year      = {1996},
  edition   = {2ª},
  isbn      = {978-85-346-0204-4}
}

@book{matematicaEnsinoMedio,
  author    = {Manoel Jairo Bezerra}, 
  title     = {Matemática para o ensino médio},
  publisher = {Editora Scipione},
  year      = {2001},
  edition   = {5ª},
  isbn      = {85-262-3788-8}
}

@book{javaComoProgramar,
  author    = {Paul Deitel and Harvey Deitel}, 
  title     = {Java: como programar},
  publisher = {Pearson Education do Brasil},
  year      = {2017},
  edition   = {10ª},
  isbn      = {978-85-4301-905-5}
}